@article{Smith1981195,
title = "Identification of common molecular subsequences ",
journal = "Journal of Molecular Biology ",
volume = "147",
number = "1",
pages = "195 - 197",
year = "1981",
note = "",
issn = "0022-2836",
doi = "10.1016/0022-2836(81)90087-5",
url = "http://www.sciencedirect.com/science/article/pii/0022283681900875",
author = "T.F. Smith and M.S. Waterman"
}

